<?xml version="1.0" encoding="UTF-8"?><collection xmlns="http://www.loc.gov/MARC21/slim"><record><leader>00492nam--2200181-i-4500</leader><controlfield tag="001">000005918</controlfield><controlfield tag="002">20161230</controlfield><controlfield tag="005">20161230201026</controlfield><controlfield tag="008">060222s1000------------r-----000-0-eng-d</controlfield><datafield ind1=" " ind2=" " tag="040"><subfield code="a">IFIN-HH</subfield></datafield><datafield ind1=" " ind2=" " tag="080"><subfield code="a">531.19</subfield></datafield><datafield ind1="1" ind2=" " tag="100"><subfield code="a">Davidson, Norman</subfield></datafield><datafield ind1="1" ind2="0" tag="245"><subfield code="a">Statistical mechanics</subfield><subfield code="c">Nroman davidson</subfield></datafield><datafield ind1=" " ind2=" " tag="260"><subfield code="a">New York</subfield><subfield code="b">Mcgraw-hill Book Co., Inc</subfield><subfield code="c">1962</subfield></datafield><datafield ind1=" " ind2=" " tag="300"><subfield code="a">IX+540P</subfield></datafield><datafield ind1=" " ind2=" " tag="490"><subfield code="a">Mcgraw-hill Series In Advanced Chemistry</subfield></datafield><datafield ind1=" " ind2=" " tag="852"><subfield code="a">17530</subfield><subfield code="c">530.161</subfield></datafield><datafield ind1=" " ind2=" " tag="CAT"><subfield code="a">Sys</subfield><subfield code="c">20160504</subfield><subfield code="h">100442</subfield></datafield></record></collection>